@article{Page2012,
    author  = "Daniel R. Page",
    title   = "Generalized Algorithm for Restricted Weak
Composition Generation",
    year    = "2012",
    journal = "Journal of Mathematical Modelling and Algorithms",
    volume  = "12",
    number  = "4",
    pages   = "345-372"
}

@phdthesis{IowaThesis,
    author = {Cheng-Chi Huang},
    title = {Non-homogeneous Markov chains and their applications},
    publisher = {Iowa State Digital Repository, Retrospective Theses and Dissertations.},
    address = {Ames, IA},
    year = {1977}
}

@misc{weakComps,
    author = {Péter Csikvári},
    title = {composition_partition.pdf},
    howpublished = {Available at \url{http://math.mit.edu/~csikvari/composition_partition.pdf} (2018/04/10)}
}

@misc{limitThm,
    author = {user335262 and Ian},
    title = {Example of a markov chain that has a distribution that converges to some limit.},
    howpublished = {Available at \url{https://math.stackexchange.com/questions/1762017/example-of-a-markov-chain-that-has-a-distribution-that-converges-to-some-limit} (2018/04/10)}
}

@misc{lpDef,
    author = {WolframMathWorld and James Noyes},
    title = {Linear Programming},
    howpublished = {Available at \url{http://mathworld.wolfram.com/LinearProgramming.html} (2018/04/10)}
}

@article{simplex,
    author  = {Mohamed Esseghir Lalami and Vincent Boyer and Didier El-Baz},
    title   = {Efficient Implementation of the Simplex Method on a CPU-GPU System},
    year    = "2011",
    journal = "2011 IEEE International Parallel & Distributed Processing Symposium",
    howpublished = {Available at \url{https://web.stanford.edu/class/msande310/Simplex-ref2.pdf} (2018/04/10)},
    pages   = "1998-2001"
}

@article{simplexTime,
    author  = {Daniel A. Spielman and Shang-Hua Teng},
    title   = {Smoothed Analysis of Algorithms: Why the Simplex Algorithm Usually Takes Polynomial Time},
    year    = "2008",
    journal = {(pre-print)},
    howpublished = {Available at \url{https://arxiv.org/pdf/cs/0111050.pdf} (2018/04/10)}
}

@article{simplexRand,
    author  = "Jonathan A. Kelner and Daniel A. Spielman",
    title   = {A Randomized Polynomial-Time Simplex Algorithm for
Linear Programming},
    journal = {(pre-print)},
    howpublished = {Available at \url{http://www.cs.yale.edu/homes/spielman/Research/SimplexStoc.pdf} (2018/04/10)}
}

@misc{wolfGI,
    author = {WolframAlpha},
    title = {Output},
    howpublished = {Available at \url{http://www.wolframalpha.com/input/?i=sum+A\%2F(A-j)+from+j\%3D0+to+j\%3DA-1} (2018/04/10)}
}

@article{GalorZeira,
    author  = "Oded Galor and Joseph Zeira",
    title   = "Income Distribution and Macroeconomics",
    year    = "1993",
    journal = "The Review of Economic Studies",
    volume  = "60",
    number  = "1",
    pages   = "35-52"
}

@misc{lagrange,
    author = {Doina Precup},
    title = {ml-lecture03.pdf},
    howpublished = {Available at \url{http://www.cs.mcgill.ca/~dprecup/courses/ML/Lectures/ml-lecture03.pdf} (2018/04/10)}
}

@misc{OdedSlides,
    author = {Oded Galor},
    title = {Genetic Diversity and Comparative Development},
    howpublished = {Available at \url{http://media.virbcdn.com/files/8a/78fedbd35de3e73a-Galor-Lecture4-2016-H.pdf} (2018/04/10)}
}

@misc{geneticDiv,
    author = {Quamrul Ashraf and Oded Galor},
    title = {The “Out of Africa” Hypothesis, Human Genetic Diversity, and Comparative Economic Development},
    howpublished = {Available at \url{https://assets.aeaweb.org/assets/production/articles-attachments/aer/data/feb2013/20100971_app.pdf} (2018/04/10)}
}

@ARTICLE{Geman,
author={S. Geman and D. Geman},
journal={IEEE Transactions on Pattern Analysis and Machine Intelligence},
title={Stochastic Relaxation, Gibbs Distributions, and the Bayesian Restoration of Images},
year={1984},
volume={PAMI-6},
number={6},
pages={721-741},
keywords={Additive noise;Annealing;Bayesian methods;Deformable models;Degradation;Energy states;Image restoration;Markov random fields;Stochastic processes;Temperature distribution;Annealing;Gibbs distribution;MAP estimate;Markov random field;image restoration;line process;relaxation;scene modeling;spatial degradation},
doi={10.1109/TPAMI.1984.4767596},
ISSN={0162-8828},
month={Nov},}

@inproceedings{secondev,
  author = {Taher H. Haveliwala and Sepandar D. Kamvar},
  title  = {The Second Eigenvalue of the Google Matrix},
  booktitle = {Stanford University Technical Report},
  year = 2003,
}

@misc{kale,
    author = {Sagar Kale},
    title = {Eigenvalues and Mixing Time},
    howpublished = {Available at \url{https://math.dartmouth.edu/~pw/math100w13/kale.pdf} (2018/04/10)}
}

@misc{cma1,
    author = {Nikolaus Hansen},
    title = {html-pythoncma},
    howpublished = {Available at \url{https://www.lri.fr/~hansen/html-pythoncma/} (2018/04/10)}
}

@misc{cma2,
    author = {Nikolaus Hansen},
    title = {nameIndex},
    howpublished = {Available at \url{http://cma.gforge.inria.fr/apidocs-pycma/nameIndex.html#R} (2018/04/10)}
}

@misc{cma3,
    author = {Nikolaus Hansen},
    title = {gecco2013-CMA-ES-tutorial.pdf},
    howpublished = {Available at \url{https://www.lri.fr/~hansen/gecco2013-CMA-ES-tutorial.pdf} (2018/04/10)}
}

@misc{cma4,
    author = {Nikolaus Hansen},
    title = {The CMA Evolution Strategy: A Tutorial},
    howpublished = {Available at \url{https://arxiv.org/pdf/1604.00772.pdf} (2018/04/10)}
}

